

@book{burge1975recursive,
  title={{Recursive programming techniques}},
  author={Burge, W.H.},
  isbn={9780201144505},
  lccn={74028812},
  series={Addison-Wesley Series in Electrical and Computer Engineering},
  year={1975},
  publisher={Addison-Wesley Longman, Incorporated}
}

@book{sedgewick2014introduction,
  title={{An Introduction to the Analysis of Algorithms (2nd Edition)}},
  author={Sedgewick, R. and Flajolet, P.},
  isbn={9781502575869},
  year={2014},
  publisher={Createspace Independent Pub}
}

@book{flajolet2009analytic,
  title={{Analytic Combinatorics}},
  author={Flajolet, P. and Sedgewick, R.},
  isbn={9780521898065},
  year={2009},
  publisher={Cambridge University Press}
}

@article{MSV07,
  title={{The method of Coefficients}},
  author={Merlini, D. and Sprugnoli, R. and Verri, M. C.},
  year={2007},
  journal={American Mathematical Monthly},
  pages={40--57},
  volume={114}
}
